<?xml version="1.0" encoding="UTF-8"?><collection xmlns="http://www.loc.gov/MARC21/slim"><record><leader>00304nam--2200109-i-4500</leader><controlfield tag="001">000021122</controlfield><controlfield tag="002">20161230</controlfield><controlfield tag="005">20161230201034</controlfield><controlfield tag="008">060222s1000------------r-----000-0-eng-d</controlfield><datafield ind1=" " ind2=" " tag="245"><subfield code="a">Janear jahrbuch 1953. hrsg veb carl zeiss jena</subfield></datafield><datafield ind1=" " ind2=" " tag="260"><subfield code="a">Jena, Kommissionsverlag Veb Gustav Fisher, 1953, 264p</subfield></datafield><datafield ind1=" " ind2=" " tag="852"><subfield code="a">10398</subfield></datafield></record></collection>